<record><leader>00000cas a22000007a 4500</leader><controlfield tag="001">38462422</controlfield><controlfield tag="008">980218d19811986mauwr ne      0    0eng d</controlfield><datafield ind1=" " ind2=" " tag="010"><subfield code="a">sn 97068865 </subfield></datafield><datafield ind1=" " ind2=" " tag="040"><subfield code="a">MGN</subfield><subfield code="b">eng</subfield><subfield code="c">MGN</subfield><subfield code="d">OCLCQ</subfield></datafield><datafield ind1=" " ind2=" " tag="042"><subfield code="a">msc</subfield></datafield><datafield ind1="0" ind2=" " tag="130"><subfield code="a">Independent voice (Kingston, Mass.)</subfield></datafield><datafield ind1="1" ind2="0" tag="245"><subfield code="a">Independent voice.</subfield></datafield><datafield ind1=" " ind2=" " tag="260"><subfield code="a">Kingston, Mass. :</subfield><subfield code="b">Independent Voice Publications</subfield></datafield><datafield ind1=" " ind2=" " tag="300"><subfield code="a">v.</subfield></datafield><datafield ind1=" " ind2=" " tag="310"><subfield code="a">Weekly</subfield></datafield><datafield ind1="0" ind2=" " tag="362"><subfield code="a">Vol. 1, no. 1 (May 6, 1981)-v. 11, no. 4 (Oct. 29, 1986).</subfield></datafield><datafield ind1=" " ind2=" " tag="752"><subfield code="a">United States</subfield><subfield code="b">Massachusetts</subfield><subfield code="c">Plymouth</subfield><subfield code="d">Kingston.</subfield></datafield><datafield ind1="0" ind2="4" tag="780"><subfield code="t">Kingston voice</subfield><subfield code="w">(DLC)sn 97068864</subfield></datafield><datafield ind1="0" ind2="4" tag="780"><subfield code="t">Kingston independent</subfield><subfield code="w">(DLC)sn 97068866</subfield></datafield><datafield ind1="0" ind2="0" tag="785"><subfield code="t">Kingston independent voice</subfield><subfield code="w">(DLC)sn 92056764</subfield></datafield></record>